{
  "leader": "05011cam a2200553 a 4500",
  "fields": [
    {
      "001": "ocm31516972\\"
    },
    {
      "003": "OCoLC"
    },
    {
      "005": "20220728125248.0"
    },
    {
      "008": "941028s1995\\\\\\\\ksua\\\\\\\\\\b\\\\\\\\001\\0beng\\\\"
    },
    {
      "010": {
        "ind1": "\\",
        "ind2": "\\",
        "subfields": [
          {
            "a": "   94039964 "
          }
        ]
      }
    },
    {
      "040": {
        "ind1": "\\",
        "ind2": "\\",
        "subfields": [
          {
            "a": "DLC"
          },
          {
            "b": "eng"
          },
          {
            "c": "DLC"
          },
          {
            "d": "NLGGC"
          },
          {
            "d": "BTCTA"
          },
          {
            "d": "YDXCP"
          },
          {
            "d": "BAKER"
          },
          {
            "d": "HVL"
          },
          {
            "d": "UBC"
          },
          {
            "d": "GEBAY"
          },
          {
            "d": "BDX"
          },
          {
            "d": "PSM"
          },
          {
            "d": "GBVCP"
          },
          {
            "d": "OCLCF"
          },
          {
            "d": "DEBBG"
          },
          {
            "d": "KKX"
          },
          {
            "d": "OCLCQ"
          },
          {
            "d": "OCLCA"
          },
          {
            "d": "UMK"
          },
          {
            "d": "OCLCO"
          },
          {
            "d": "OCL"
          },
          {
            "d": "OCLCA"
          },
          {
            "d": "OCLCQ"
          },
          {
            "d": "OCLCO"
          }
        ]
      }
    },
    {
      "020": {
        "ind1": "\\",
        "ind2": "\\",
        "subfields": [
          {
            "a": "0700607072"
          },
          {
            "q": "(alk. paper)"
          }
        ]
      }
    },
    {
      "020": {
        "ind1": "\\",
        "ind2": "\\",
        "subfields": [
          {
            "a": "9780700607075"
          },
          {
            "q": "(alk. paper)"
          }
        ]
      }
    },
    {
      "035": {
        "ind1": "\\",
        "ind2": "\\",
        "subfields": [
          {
            "a": "(OCoLC)31516972"
          }
        ]
      }
    },
    {
      "043": {
        "ind1": "\\",
        "ind2": "\\",
        "subfields": [
          {
            "a": "n-us---"
          }
        ]
      }
    },
    {
      "050": {
        "ind1": "0",
        "ind2": "0",
        "subfields": [
          {
            "a": "HD7125.C573"
          },
          {
            "b": "B47 1995"
          }
        ]
      }
    },
    {
      "082": {
        "ind1": "0",
        "ind2": "0",
        "subfields": [
          {
            "a": "368.430092"
          },
          {
            "b": "BER"
          }
        ]
      }
    },
    {
      "049": {
        "ind1": "\\",
        "ind2": "\\",
        "subfields": [
          {
            "a": "NYRV"
          }
        ]
      }
    },
    {
      "100": {
        "ind1": "1",
        "ind2": "\\",
        "subfields": [
          {
            "a": "Berkowitz, Edward D."
          }
        ]
      }
    },
    {
      "245": {
        "ind1": "1",
        "ind2": "0",
        "subfields": [
          {
            "a": "Mr. Social Security :"
          },
          {
            "b": "the life of Wilbur J. Cohen /"
          },
          {
            "c": "Edward D. Berkowitz ; foreword by Joseph A Califano, Jr."
          }
        ]
      }
    },
    {
      "260": {
        "ind1": "\\",
        "ind2": "\\",
        "subfields": [
          {
            "a": "Lawrence, Kan. :"
          },
          {
            "b": "University Press of Kansas,"
          },
          {
            "c": "\u00a91995."
          }
        ]
      }
    },
    {
      "300": {
        "ind1": "\\",
        "ind2": "\\",
        "subfields": [
          {
            "a": "xx, 396 pages f :"
          },
          {
            "b": "illustrations ;"
          },
          {
            "c": "24 cm"
          }
        ]
      }
    },
    {
      "336": {
        "ind1": "\\",
        "ind2": "\\",
        "subfields": [
          {
            "a": "text"
          },
          {
            "b": "txt"
          },
          {
            "2": "rdacontent"
          }
        ]
      }
    },
    {
      "337": {
        "ind1": "\\",
        "ind2": "\\",
        "subfields": [
          {
            "a": "unmediated"
          },
          {
            "b": "n"
          },
          {
            "2": "rdamedia"
          }
        ]
      }
    },
    {
      "338": {
        "ind1": "\\",
        "ind2": "\\",
        "subfields": [
          {
            "a": "volume"
          },
          {
            "b": "nc"
          },
          {
            "2": "rdacarrier"
          }
        ]
      }
    },
    {
      "504": {
        "ind1": "\\",
        "ind2": "\\",
        "subfields": [
          {
            "a": "Includes bibliographical references (pages 320-380) and index."
          }
        ]
      }
    },
    {
      "505": {
        "ind1": "0",
        "ind2": "\\",
        "subfields": [
          {
            "a": "1. The Education of Wilbur Cohen -- 2. Forging a Career in New Deal Washington -- 3. The 1940s, Social Security Apparatus, and Triumph of 1950 -- 4. The New Politics of Social Security and the Ike Age -- 5. A New Life: Cohen in Academia, 1956-1961 -- 6. Courting JFK, Expanding Social Security -- 7. The New Frontier -- 8. Education and Medicare in the Kennedy Administration -- 9. LBJ, Poverty, and Education -- 10. Medicare -- Legislative Triumph -- 11. Implementing the Great Society in a Time of Troubles -- 12. Secretary Cohen -- 13. Aftermath."
          }
        ]
      }
    },
    {
      "520": {
        "ind1": "\\",
        "ind2": "\\",
        "subfields": [
          {
            "a": "JFK tagged him \"Mr. Social Security.\" LBJ praised him as the \"planner, architect, builder and repairman on every major piece of social legislation [since 1935].\" The New York Times called him \"one of the country's foremost technicians in public welfare.\" Time portrayed him as a man of \"boundless energy, infectious enthusiasm, and a drive for action.\" His name was Wilbur Cohen. For half a century from the New Deal through the Great Society, Cohen (1913-1987) was one of the key players in the creation and expansion of the American welfare state. From the Social Security Act of 1935 through the establishment of disability insurance in 1956 and the creation of Medicare in 1965, he was a leading articulator and advocate of an expanding Social Security system. He played that role so well that he prompted Senator Paul Douglas's wry comment that \"an expert on Social Security is a person who knows Wilbur Cohen's telephone number.\" The son of Jewish immigrants, Cohen left his Milwaukee home in the early 1930s to attend the University of Wisconsin and never looked back. Filled with a great thirst for knowledge and wider horizons, he followed his mentors Edwin Witte and Arthur Altmeyer to Washington, D.C., and began a career that would eventually land him a top position in LBJ's cabinet as Secretary of Health, Education, and Welfare. Variously described as a practical visionary, an action intellectual, a consummate bureaucrat and a relentless incrementalist, Cohen was a master behind-the-scenes player who turned legislative compromise into an art form. He inhabited a world in which the passage of legislation was the ultimate reward. Driven by his progressive vision, he time and again persuaded legislators on both sides of the aisle to introduce and support expansive social programs. Like a shuttle in a loom he moved invisibly back and forth, back and forth, until the finely woven legislative cloth emerged before the public's eye."
          }
        ]
      }
    },
    {
      "600": {
        "ind1": "1",
        "ind2": "0",
        "subfields": [
          {
            "a": "Cohen, Wilbur J."
          },
          {
            "q": "(Wilbur Joseph),"
          },
          {
            "d": "1913-1987."
          }
        ]
      }
    },
    {
      "610": {
        "ind1": "1",
        "ind2": "0",
        "subfields": [
          {
            "a": "United States."
          },
          {
            "b": "Department of Health, Education, and Welfare"
          },
          {
            "v": "Biography."
          }
        ]
      }
    },
    {
      "610": {
        "ind1": "1",
        "ind2": "0",
        "subfields": [
          {
            "a": "United States."
          },
          {
            "b": "Social Security Administration"
          },
          {
            "x": "History."
          }
        ]
      }
    },
    {
      "650": {
        "ind1": "\\",
        "ind2": "0",
        "subfields": [
          {
            "a": "Social security"
          },
          {
            "z": "United States"
          },
          {
            "x": "History."
          }
        ]
      }
    },
    {
      "650": {
        "ind1": "\\",
        "ind2": "0",
        "subfields": [
          {
            "a": "Health insurance"
          },
          {
            "z": "United States"
          },
          {
            "x": "History."
          }
        ]
      }
    },
    {
      "600": {
        "ind1": "1",
        "ind2": "7",
        "subfields": [
          {
            "a": "Cohen, Wilbur J."
          },
          {
            "q": "(Wilbur Joseph),"
          },
          {
            "d": "1913-1987"
          },
          {
            "2": "fast"
          },
          {
            "0": "(OCoLC)fst00009138"
          }
        ]
      }
    },
    {
      "610": {
        "ind1": "1",
        "ind2": "7",
        "subfields": [
          {
            "a": "United States."
          },
          {
            "b": "Department of Health, Education, and Welfare."
          },
          {
            "2": "fast"
          },
          {
            "0": "(OCoLC)fst01852722"
          }
        ]
      }
    },
    {
      "610": {
        "ind1": "1",
        "ind2": "7",
        "subfields": [
          {
            "a": "United States."
          },
          {
            "b": "Social Security Administration."
          },
          {
            "2": "fast"
          },
          {
            "0": "(OCoLC)fst00549664"
          }
        ]
      }
    },
    {
      "650": {
        "ind1": "\\",
        "ind2": "7",
        "subfields": [
          {
            "a": "Health insurance."
          },
          {
            "2": "fast"
          },
          {
            "0": "(OCoLC)fst01715839"
          }
        ]
      }
    },
    {
      "650": {
        "ind1": "\\",
        "ind2": "7",
        "subfields": [
          {
            "a": "Social security."
          },
          {
            "2": "fast"
          },
          {
            "0": "(OCoLC)fst01123077"
          }
        ]
      }
    },
    {
      "651": {
        "ind1": "\\",
        "ind2": "7",
        "subfields": [
          {
            "a": "United States."
          },
          {
            "2": "fast"
          },
          {
            "0": "(OCoLC)fst01204155"
          }
        ]
      }
    },
    {
      "655": {
        "ind1": "\\",
        "ind2": "7",
        "subfields": [
          {
            "a": "Biographies."
          },
          {
            "2": "fast"
          },
          {
            "0": "(OCoLC)fst01919896"
          }
        ]
      }
    },
    {
      "655": {
        "ind1": "\\",
        "ind2": "7",
        "subfields": [
          {
            "a": "History."
          },
          {
            "2": "fast"
          },
          {
            "0": "(OCoLC)fst01411628"
          }
        ]
      }
    },
    {
      "655": {
        "ind1": "\\",
        "ind2": "7",
        "subfields": [
          {
            "a": "Biographies."
          },
          {
            "2": "lcgft"
          }
        ]
      }
    },
    {
      "700": {
        "ind1": "1",
        "ind2": "\\",
        "subfields": [
          {
            "a": "Cohen, Wilbur J."
          },
          {
            "q": "(Wilbur Joseph),"
          },
          {
            "d": "1913-1987."
          }
        ]
      }
    },
    {
      "740": {
        "ind1": "0",
        "ind2": "\\",
        "subfields": [
          {
            "a": "Mister Social Security."
          }
        ]
      }
    },
    {
      "776": {
        "ind1": "0",
        "ind2": "8",
        "subfields": [
          {
            "i": "Online version:"
          },
          {
            "a": "Berkowitz, Edward D."
          },
          {
            "t": "Mr. Social Security."
          },
          {
            "d": "Lawrence, Kan. : University Press of Kansas, \u00a91995"
          },
          {
            "w": "(OCoLC)651692836"
          }
        ]
      }
    },
    {
      "856": {
        "ind1": "4",
        "ind2": "1",
        "subfields": [
          {
            "3": "Table of contents"
          },
          {
            "u": "http://www.gbv.de/dms/bowker/toc/9780700607075.pdf"
          }
        ]
      }
    },
    {
      "856": {
        "ind1": "4",
        "ind2": "2",
        "subfields": [
          {
            "3": "Book review (H-Net)"
          },
          {
            "u": "http://www.h-net.org/review/hrev-a0a2l9-aa"
          }
        ]
      }
    },
    {
      "999": {
        "ind1": "\\",
        "ind2": "\\",
        "subfields": [
          {
            "a": "00000000019875"
          }
        ]
      }
    },
    {
      "994": {
        "ind1": "\\",
        "ind2": "\\",
        "subfields": [
          {
            "a": "C0"
          },
          {
            "b": "NYRVC"
          }
        ]
      }
    }
  ]
}